<?xml version="1.0" encoding="UTF-8"?><record xmlns="http://www.loc.gov/MARC21/slim" xmlns:cinclude="http://apache.org/cocoon/include/1.0" xmlns:zs="http://www.loc.gov/zing/srw/">
  <leader>00621cz  a2200145n  4500</leader>
  <controlfield tag="001">n  80037851 </controlfield>
  <controlfield tag="003">DLC</controlfield>
  <controlfield tag="005">20090813074909.0</controlfield>
  <controlfield tag="008">800424n| acannaab           |n aaa      </controlfield>
  <datafield tag="010" ind1=" " ind2=" ">
    <subfield code="a">n  80037851 </subfield>
  </datafield>
  <datafield tag="040" ind1=" " ind2=" ">
    <subfield code="a">DLC</subfield>
    <subfield code="c">DLC</subfield>
    <subfield code="d">DLC</subfield>
  </datafield>
  <datafield tag="100" ind1="1" ind2=" ">
    <subfield code="a">Groth, John,</subfield>
    <subfield code="d">1908-1988</subfield>
  </datafield>
  <datafield tag="670" ind1=" " ind2=" ">
    <subfield code="a">His The camp of disappearing men, c1944.</subfield>
  </datafield>
  <datafield tag="670" ind1=" " ind2=" ">
    <subfield code="a">New York times, June 30, 1988</subfield>
    <subfield code="b">(John Groth; d. June 27, 1988, New York, N.Y.; illustrator and teacher)</subfield>
  </datafield>
  <datafield tag="670" ind1=" " ind2=" ">
    <subfield code="a">Biog. resource center (Contemp. authors), Aug. 12, 2009</subfield>
    <subfield code="b">(John August Groth; b. Feb. 26, 1908, Chicago, Ill.; d. June 27, 1988, New York, N.Y.; artist, illustrator, and journalist)</subfield>
  </datafield>
</record>